%YAML 1.1
%TAG !u! tag:unity3d.com,2011:
--- !u!29 &1
OcclusionCullingSettings:
  m_ObjectHideFlags: 0
  serializedVersion: 2
  m_OcclusionBakeSettings:
    smallestOccluder: 5
    smallestHole: 0.25
    backfaceThreshold: 100
  m_SceneGUID: 00000000000000000000000000000000
  m_OcclusionCullingData: {fileID: 0}
--- !u!104 &2
RenderSettings:
  m_ObjectHideFlags: 0
  serializedVersion: 9
  m_Fog: 0
  m_FogColor: {r: 0.5, g: 0.5, b: 0.5, a: 1}
  m_FogMode: 3
  m_FogDensity: 0.01
  m_LinearFogStart: 0
  m_LinearFogEnd: 300
  m_AmbientSkyColor: {r: 0.212, g: 0.227, b: 0.259, a: 1}
  m_AmbientEquatorColor: {r: 0.114, g: 0.125, b: 0.133, a: 1}
  m_AmbientGroundColor: {r: 0.047, g: 0.043, b: 0.035, a: 1}
  m_AmbientIntensity: 1
  m_AmbientMode: 0
  m_SubtractiveShadowColor: {r: 0.42, g: 0.478, b: 0.627, a: 1}
  m_SkyboxMaterial: {fileID: 10304, guid: 0000000000000000f000000000000000, type: 0}
  m_HaloStrength: 0.5
  m_FlareStrength: 1
  m_FlareFadeSpeed: 3
  m_HaloTexture: {fileID: 0}
  m_SpotCookie: {fileID: 10001, guid: 0000000000000000e000000000000000, type: 0}
  m_DefaultReflectionMode: 0
  m_DefaultReflectionResolution: 128
  m_ReflectionBounces: 1
  m_ReflectionIntensity: 1
  m_CustomReflection: {fileID: 0}
  m_Sun: {fileID: 0}
  m_IndirectSpecularColor: {r: 0.44657898, g: 0.4964133, b: 0.5748178, a: 1}
  m_UseRadianceAmbientProbe: 0
--- !u!157 &3
LightmapSettings:
  m_ObjectHideFlags: 0
  serializedVersion: 11
  m_GIWorkflowMode: 0
  m_GISettings:
    serializedVersion: 2
    m_BounceScale: 1
    m_IndirectOutputScale: 1
    m_AlbedoBoost: 1
    m_TemporalCoherenceThreshold: 1
    m_EnvironmentLightingMode: 0
    m_EnableBakedLightmaps: 1
    m_EnableRealtimeLightmaps: 1
  m_LightmapEditorSettings:
    serializedVersion: 10
    m_Resolution: 2
    m_BakeResolution: 40
    m_AtlasSize: 1024
    m_AO: 0
    m_AOMaxDistance: 1
    m_CompAOExponent: 1
    m_CompAOExponentDirect: 0
    m_Padding: 2
    m_LightmapParameters: {fileID: 0}
    m_LightmapsBakeMode: 1
    m_TextureCompression: 1
    m_FinalGather: 0
    m_FinalGatherFiltering: 1
    m_FinalGatherRayCount: 256
    m_ReflectionCompression: 2
    m_MixedBakeMode: 2
    m_BakeBackend: 1
    m_PVRSampling: 1
    m_PVRDirectSampleCount: 32
    m_PVRSampleCount: 500
    m_PVRBounces: 2
    m_PVRFilterTypeDirect: 0
    m_PVRFilterTypeIndirect: 0
    m_PVRFilterTypeAO: 0
    m_PVRFilteringMode: 1
    m_PVRCulling: 1
    m_PVRFilteringGaussRadiusDirect: 1
    m_PVRFilteringGaussRadiusIndirect: 5
    m_PVRFilteringGaussRadiusAO: 2
    m_PVRFilteringAtrousPositionSigmaDirect: 0.5
    m_PVRFilteringAtrousPositionSigmaIndirect: 2
    m_PVRFilteringAtrousPositionSigmaAO: 1
    m_ShowResolutionOverlay: 1
  m_LightingDataAsset: {fileID: 0}
  m_UseShadowmask: 1
--- !u!196 &4
NavMeshSettings:
  serializedVersion: 2
  m_ObjectHideFlags: 0
  m_BuildSettings:
    serializedVersion: 2
    agentTypeID: 0
    agentRadius: 0.5
    agentHeight: 2
    agentSlope: 45
    agentClimb: 0.4
    ledgeDropHeight: 0
    maxJumpAcrossDistance: 0
    minRegionArea: 2
    manualCellSize: 0
    cellSize: 0.16666667
    manualTileSize: 0
    tileSize: 256
    accuratePlacement: 0
    debug:
      m_Flags: 0
  m_NavMeshData: {fileID: 0}
--- !u!1 &18341718
GameObject:
  m_ObjectHideFlags: 0
  m_CorrespondingSourceObject: {fileID: 0}
  m_PrefabInternal: {fileID: 0}
  serializedVersion: 6
  m_Component:
  - component: {fileID: 18341719}
  m_Layer: 0
  m_Name: EnemiesList
  m_TagString: Untagged
  m_Icon: {fileID: 0}
  m_NavMeshLayer: 0
  m_StaticEditorFlags: 0
  m_IsActive: 1
--- !u!4 &18341719
Transform:
  m_ObjectHideFlags: 0
  m_CorrespondingSourceObject: {fileID: 0}
  m_PrefabInternal: {fileID: 0}
  m_GameObject: {fileID: 18341718}
  m_LocalRotation: {x: 0, y: 0, z: 0, w: 1}
  m_LocalPosition: {x: 0, y: 0, z: 0}
  m_LocalScale: {x: 1, y: 1, z: 1}
  m_Children:
  - {fileID: 1639069050}
  - {fileID: 859895353}
  - {fileID: 552937420}
  m_Father: {fileID: 0}
  m_RootOrder: 8
  m_LocalEulerAnglesHint: {x: 0, y: 0, z: 0}
--- !u!1 &90600915 stripped
GameObject:
  m_CorrespondingSourceObject: {fileID: 1360927912156604, guid: 60c5c370d92313649be139ee58b375c3,
    type: 2}
  m_PrefabInternal: {fileID: 211701451}
--- !u!1001 &211701451
Prefab:
  m_ObjectHideFlags: 0
  serializedVersion: 2
  m_Modification:
    m_TransformParent: {fileID: 0}
    m_Modifications:
    - target: {fileID: 224299925469243560, guid: 60c5c370d92313649be139ee58b375c3,
        type: 2}
      propertyPath: m_RootOrder
      value: 6
      objectReference: {fileID: 0}
    - target: {fileID: 224299925469243560, guid: 60c5c370d92313649be139ee58b375c3,
        type: 2}
      propertyPath: m_LocalPosition.x
      value: 0
      objectReference: {fileID: 0}
    - target: {fileID: 224299925469243560, guid: 60c5c370d92313649be139ee58b375c3,
        type: 2}
      propertyPath: m_LocalPosition.y
      value: 0
      objectReference: {fileID: 0}
    - target: {fileID: 224299925469243560, guid: 60c5c370d92313649be139ee58b375c3,
        type: 2}
      propertyPath: m_LocalPosition.z
      value: 0
      objectReference: {fileID: 0}
    - target: {fileID: 224299925469243560, guid: 60c5c370d92313649be139ee58b375c3,
        type: 2}
      propertyPath: m_LocalRotation.x
      value: 0
      objectReference: {fileID: 0}
    - target: {fileID: 224299925469243560, guid: 60c5c370d92313649be139ee58b375c3,
        type: 2}
      propertyPath: m_LocalRotation.y
      value: 0
      objectReference: {fileID: 0}
    - target: {fileID: 224299925469243560, guid: 60c5c370d92313649be139ee58b375c3,
        type: 2}
      propertyPath: m_LocalRotation.z
      value: 0
      objectReference: {fileID: 0}
    - target: {fileID: 224299925469243560, guid: 60c5c370d92313649be139ee58b375c3,
        type: 2}
      propertyPath: m_LocalRotation.w
      value: 1
      objectReference: {fileID: 0}
    - target: {fileID: 224299925469243560, guid: 60c5c370d92313649be139ee58b375c3,
        type: 2}
      propertyPath: m_RootOrder
      value: 6
      objectReference: {fileID: 0}
    - target: {fileID: 224299925469243560, guid: 60c5c370d92313649be139ee58b375c3,
        type: 2}
      propertyPath: m_AnchoredPosition.x
      value: 0
      objectReference: {fileID: 0}
    - target: {fileID: 224299925469243560, guid: 60c5c370d92313649be139ee58b375c3,
        type: 2}
      propertyPath: m_AnchoredPosition.y
      value: 0
      objectReference: {fileID: 0}
    - target: {fileID: 224299925469243560, guid: 60c5c370d92313649be139ee58b375c3,
        type: 2}
      propertyPath: m_SizeDelta.x
      value: 0
      objectReference: {fileID: 0}
    - target: {fileID: 224299925469243560, guid: 60c5c370d92313649be139ee58b375c3,
        type: 2}
      propertyPath: m_SizeDelta.y
      value: 0
      objectReference: {fileID: 0}
    - target: {fileID: 224299925469243560, guid: 60c5c370d92313649be139ee58b375c3,
        type: 2}
      propertyPath: m_AnchorMin.x
      value: 0
      objectReference: {fileID: 0}
    - target: {fileID: 224299925469243560, guid: 60c5c370d92313649be139ee58b375c3,
        type: 2}
      propertyPath: m_AnchorMin.y
      value: 0
      objectReference: {fileID: 0}
    - target: {fileID: 224299925469243560, guid: 60c5c370d92313649be139ee58b375c3,
        type: 2}
      propertyPath: m_AnchorMax.x
      value: 0
      objectReference: {fileID: 0}
    - target: {fileID: 224299925469243560, guid: 60c5c370d92313649be139ee58b375c3,
        type: 2}
      propertyPath: m_AnchorMax.y
      value: 0
      objectReference: {fileID: 0}
    - target: {fileID: 224299925469243560, guid: 60c5c370d92313649be139ee58b375c3,
        type: 2}
      propertyPath: m_Pivot.x
      value: 0
      objectReference: {fileID: 0}
    - target: {fileID: 224299925469243560, guid: 60c5c370d92313649be139ee58b375c3,
        type: 2}
      propertyPath: m_Pivot.y
      value: 0
      objectReference: {fileID: 0}
    m_RemovedComponents: []
  m_SourcePrefab: {fileID: 100100000, guid: 60c5c370d92313649be139ee58b375c3, type: 2}
  m_IsPrefabAsset: 0
--- !u!1 &225802230
GameObject:
  m_ObjectHideFlags: 0
  m_CorrespondingSourceObject: {fileID: 1417604849910674, guid: 60c5c370d92313649be139ee58b375c3,
    type: 2}
  m_PrefabInternal: {fileID: 0}
  serializedVersion: 6
  m_Component:
  - component: {fileID: 225802231}
  - component: {fileID: 225802233}
  - component: {fileID: 225802232}
  m_Layer: 5
  m_Name: Text
  m_TagString: Untagged
  m_Icon: {fileID: 0}
  m_NavMeshLayer: 0
  m_StaticEditorFlags: 0
  m_IsActive: 1
--- !u!224 &225802231
RectTransform:
  m_ObjectHideFlags: 0
  m_CorrespondingSourceObject: {fileID: 224103420800240382, guid: 60c5c370d92313649be139ee58b375c3,
    type: 2}
  m_PrefabInternal: {fileID: 0}
  m_GameObject: {fileID: 225802230}
  m_LocalRotation: {x: -0, y: -0, z: -0, w: 1}
  m_LocalPosition: {x: 0, y: 0, z: 0}
  m_LocalScale: {x: 1, y: 1, z: 1}
  m_Children: []
  m_Father: {fileID: 1315247764}
  m_RootOrder: 0
  m_LocalEulerAnglesHint: {x: 0, y: 0, z: 0}
  m_AnchorMin: {x: 0, y: 0.5}
  m_AnchorMax: {x: 1, y: 0.5}
  m_AnchoredPosition: {x: 0, y: 0}
  m_SizeDelta: {x: 0, y: 100}
  m_Pivot: {x: 0.5, y: 0.5}
--- !u!114 &225802232
MonoBehaviour:
  m_ObjectHideFlags: 0
  m_CorrespondingSourceObject: {fileID: 114652419586354278, guid: 60c5c370d92313649be139ee58b375c3,
    type: 2}
  m_PrefabInternal: {fileID: 0}
  m_GameObject: {fileID: 225802230}
  m_Enabled: 1
  m_EditorHideFlags: 0
  m_Script: {fileID: 708705254, guid: f70555f144d8491a825f0804e09c671c, type: 3}
  m_Name: 
  m_EditorClassIdentifier: 
  m_Material: {fileID: 0}
  m_Color: {r: 1, g: 1, b: 1, a: 1}
  m_RaycastTarget: 1
  m_OnCullStateChanged:
    m_PersistentCalls:
      m_Calls: []
    m_TypeName: UnityEngine.UI.MaskableGraphic+CullStateChangedEvent, UnityEngine.UI,
      Version=1.0.0.0, Culture=neutral, PublicKeyToken=null
  m_FontData:
    m_Font: {fileID: 10102, guid: 0000000000000000e000000000000000, type: 0}
    m_FontSize: 32
    m_FontStyle: 0
    m_BestFit: 0
    m_MinSize: 3
    m_MaxSize: 40
    m_Alignment: 4
    m_AlignByGeometry: 0
    m_RichText: 1
    m_HorizontalOverflow: 0
    m_VerticalOverflow: 0
    m_LineSpacing: 1
  m_Text: "Pense \xE0 utiliser tes versions pass\xE9es pour distraire tes ennemis
    !"
--- !u!222 &225802233
CanvasRenderer:
  m_ObjectHideFlags: 0
  m_CorrespondingSourceObject: {fileID: 222048170407825856, guid: 60c5c370d92313649be139ee58b375c3,
    type: 2}
  m_PrefabInternal: {fileID: 0}
  m_GameObject: {fileID: 225802230}
  m_CullTransparentMesh: 0
--- !u!1001 &251598002
Prefab:
  m_ObjectHideFlags: 0
  serializedVersion: 2
  m_Modification:
    m_TransformParent: {fileID: 1214576711}
    m_Modifications:
    - target: {fileID: 4803813944277240, guid: bced6361b53076a45bc4ef2daf4eb1cb, type: 2}
      propertyPath: m_LocalPosition.x
      value: 0
      objectReference: {fileID: 0}
    - target: {fileID: 4803813944277240, guid: bced6361b53076a45bc4ef2daf4eb1cb, type: 2}
      propertyPath: m_LocalPosition.y
      value: 0.5
      objectReference: {fileID: 0}
    - target: {fileID: 4803813944277240, guid: bced6361b53076a45bc4ef2daf4eb1cb, type: 2}
      propertyPath: m_LocalPosition.z
      value: -17
      objectReference: {fileID: 0}
    - target: {fileID: 4803813944277240, guid: bced6361b53076a45bc4ef2daf4eb1cb, type: 2}
      propertyPath: m_LocalRotation.x
      value: -0
      objectReference: {fileID: 0}
    - target: {fileID: 4803813944277240, guid: bced6361b53076a45bc4ef2daf4eb1cb, type: 2}
      propertyPath: m_LocalRotation.y
      value: -0
      objectReference: {fileID: 0}
    - target: {fileID: 4803813944277240, guid: bced6361b53076a45bc4ef2daf4eb1cb, type: 2}
      propertyPath: m_LocalRotation.z
      value: -0
      objectReference: {fileID: 0}
    - target: {fileID: 4803813944277240, guid: bced6361b53076a45bc4ef2daf4eb1cb, type: 2}
      propertyPath: m_LocalRotation.w
      value: 1
      objectReference: {fileID: 0}
    - target: {fileID: 4803813944277240, guid: bced6361b53076a45bc4ef2daf4eb1cb, type: 2}
      propertyPath: m_RootOrder
      value: 2
      objectReference: {fileID: 0}
    - target: {fileID: 4803813944277240, guid: bced6361b53076a45bc4ef2daf4eb1cb, type: 2}
      propertyPath: m_LocalScale.x
      value: 32
      objectReference: {fileID: 0}
    m_RemovedComponents: []
  m_SourcePrefab: {fileID: 100100000, guid: bced6361b53076a45bc4ef2daf4eb1cb, type: 2}
  m_IsPrefabAsset: 0
--- !u!4 &251598003 stripped
Transform:
  m_CorrespondingSourceObject: {fileID: 4803813944277240, guid: bced6361b53076a45bc4ef2daf4eb1cb,
    type: 2}
  m_PrefabInternal: {fileID: 251598002}
--- !u!1001 &315440207
Prefab:
  m_ObjectHideFlags: 0
  serializedVersion: 2
  m_Modification:
    m_TransformParent: {fileID: 1214576711}
    m_Modifications:
    - target: {fileID: 4803813944277240, guid: bced6361b53076a45bc4ef2daf4eb1cb, type: 2}
      propertyPath: m_LocalPosition.x
      value: 6.5
      objectReference: {fileID: 0}
    - target: {fileID: 4803813944277240, guid: bced6361b53076a45bc4ef2daf4eb1cb, type: 2}
      propertyPath: m_LocalPosition.y
      value: 0.5
      objectReference: {fileID: 0}
    - target: {fileID: 4803813944277240, guid: bced6361b53076a45bc4ef2daf4eb1cb, type: 2}
      propertyPath: m_LocalPosition.z
      value: -0.5
      objectReference: {fileID: 0}
    - target: {fileID: 4803813944277240, guid: bced6361b53076a45bc4ef2daf4eb1cb, type: 2}
      propertyPath: m_LocalRotation.x
      value: -0
      objectReference: {fileID: 0}
    - target: {fileID: 4803813944277240, guid: bced6361b53076a45bc4ef2daf4eb1cb, type: 2}
      propertyPath: m_LocalRotation.y
      value: -0
      objectReference: {fileID: 0}
    - target: {fileID: 4803813944277240, guid: bced6361b53076a45bc4ef2daf4eb1cb, type: 2}
      propertyPath: m_LocalRotation.z
      value: -0
      objectReference: {fileID: 0}
    - target: {fileID: 4803813944277240, guid: bced6361b53076a45bc4ef2daf4eb1cb, type: 2}
      propertyPath: m_LocalRotation.w
      value: 1
      objectReference: {fileID: 0}
    - target: {fileID: 4803813944277240, guid: bced6361b53076a45bc4ef2daf4eb1cb, type: 2}
      propertyPath: m_RootOrder
      value: 11
      objectReference: {fileID: 0}
    - target: {fileID: 1844118839443334, guid: bced6361b53076a45bc4ef2daf4eb1cb, type: 2}
      propertyPath: m_Name
      value: Cube (9)
      objectReference: {fileID: 0}
    - target: {fileID: 4803813944277240, guid: bced6361b53076a45bc4ef2daf4eb1cb, type: 2}
      propertyPath: m_LocalScale.z
      value: 12
      objectReference: {fileID: 0}
    - target: {fileID: 4803813944277240, guid: bced6361b53076a45bc4ef2daf4eb1cb, type: 2}
      propertyPath: m_LocalScale.x
      value: 11
      objectReference: {fileID: 0}
    m_RemovedComponents: []
  m_SourcePrefab: {fileID: 100100000, guid: bced6361b53076a45bc4ef2daf4eb1cb, type: 2}
  m_IsPrefabAsset: 0
--- !u!4 &315440208 stripped
Transform:
  m_CorrespondingSourceObject: {fileID: 4803813944277240, guid: bced6361b53076a45bc4ef2daf4eb1cb,
    type: 2}
  m_PrefabInternal: {fileID: 315440207}
--- !u!1001 &349550100
Prefab:
  m_ObjectHideFlags: 0
  serializedVersion: 2
  m_Modification:
    m_TransformParent: {fileID: 1214576711}
    m_Modifications:
    - target: {fileID: 4803813944277240, guid: bced6361b53076a45bc4ef2daf4eb1cb, type: 2}
      propertyPath: m_LocalPosition.x
      value: -13.5
      objectReference: {fileID: 0}
    - target: {fileID: 4803813944277240, guid: bced6361b53076a45bc4ef2daf4eb1cb, type: 2}
      propertyPath: m_LocalPosition.y
      value: 0.5
      objectReference: {fileID: 0}
    - target: {fileID: 4803813944277240, guid: bced6361b53076a45bc4ef2daf4eb1cb, type: 2}
      propertyPath: m_LocalPosition.z
      value: 0
      objectReference: {fileID: 0}
    - target: {fileID: 4803813944277240, guid: bced6361b53076a45bc4ef2daf4eb1cb, type: 2}
      propertyPath: m_LocalRotation.x
      value: -0
      objectReference: {fileID: 0}
    - target: {fileID: 4803813944277240, guid: bced6361b53076a45bc4ef2daf4eb1cb, type: 2}
      propertyPath: m_LocalRotation.y
      value: -0
      objectReference: {fileID: 0}
    - target: {fileID: 4803813944277240, guid: bced6361b53076a45bc4ef2daf4eb1cb, type: 2}
      propertyPath: m_LocalRotation.z
      value: -0
      objectReference: {fileID: 0}
    - target: {fileID: 4803813944277240, guid: bced6361b53076a45bc4ef2daf4eb1cb, type: 2}
      propertyPath: m_LocalRotation.w
      value: 1
      objectReference: {fileID: 0}
    - target: {fileID: 4803813944277240, guid: bced6361b53076a45bc4ef2daf4eb1cb, type: 2}
      propertyPath: m_RootOrder
      value: 7
      objectReference: {fileID: 0}
    - target: {fileID: 1844118839443334, guid: bced6361b53076a45bc4ef2daf4eb1cb, type: 2}
      propertyPath: m_Name
      value: Cube (5)
      objectReference: {fileID: 0}
    - target: {fileID: 4803813944277240, guid: bced6361b53076a45bc4ef2daf4eb1cb, type: 2}
      propertyPath: m_LocalScale.z
      value: 21
      objectReference: {fileID: 0}
    - target: {fileID: 4803813944277240, guid: bced6361b53076a45bc4ef2daf4eb1cb, type: 2}
      propertyPath: m_LocalScale.x
      value: 3
      objectReference: {fileID: 0}
    m_RemovedComponents: []
  m_SourcePrefab: {fileID: 100100000, guid: bced6361b53076a45bc4ef2daf4eb1cb, type: 2}
  m_IsPrefabAsset: 0
--- !u!4 &349550101 stripped
Transform:
  m_CorrespondingSourceObject: {fileID: 4803813944277240, guid: bced6361b53076a45bc4ef2daf4eb1cb,
    type: 2}
  m_PrefabInternal: {fileID: 349550100}
--- !u!1 &496339034
GameObject:
  m_ObjectHideFlags: 0
  m_CorrespondingSourceObject: {fileID: 0}
  m_PrefabInternal: {fileID: 0}
  serializedVersion: 6
  m_Component:
  - component: {fileID: 496339035}
  m_Layer: 0
  m_Name: Mark3
  m_TagString: Untagged
  m_Icon: {fileID: 0}
  m_NavMeshLayer: 0
  m_StaticEditorFlags: 0
  m_IsActive: 1
--- !u!4 &496339035
Transform:
  m_ObjectHideFlags: 0
  m_CorrespondingSourceObject: {fileID: 0}
  m_PrefabInternal: {fileID: 0}
  m_GameObject: {fileID: 496339034}
  m_LocalRotation: {x: -0, y: -0, z: -0, w: 1}
  m_LocalPosition: {x: 13.5, y: 1, z: 15}
  m_LocalScale: {x: 1, y: 1, z: 1}
  m_Children: []
  m_Father: {fileID: 552937420}
  m_RootOrder: 2
  m_LocalEulerAnglesHint: {x: 0, y: 0, z: 0}
--- !u!1001 &543481766
Prefab:
  m_ObjectHideFlags: 0
  serializedVersion: 2
  m_Modification:
    m_TransformParent: {fileID: 1214576711}
    m_Modifications:
    - target: {fileID: 4723521584371414, guid: 7a89859d11b24524ab5a7f8bc3b9380a, type: 2}
      propertyPath: m_LocalPosition.x
      value: 0
      objectReference: {fileID: 0}
    - target: {fileID: 4723521584371414, guid: 7a89859d11b24524ab5a7f8bc3b9380a, type: 2}
      propertyPath: m_LocalPosition.y
      value: 0
      objectReference: {fileID: 0}
    - target: {fileID: 4723521584371414, guid: 7a89859d11b24524ab5a7f8bc3b9380a, type: 2}
      propertyPath: m_LocalPosition.z
      value: 0
      objectReference: {fileID: 0}
    - target: {fileID: 4723521584371414, guid: 7a89859d11b24524ab5a7f8bc3b9380a, type: 2}
      propertyPath: m_LocalRotation.x
      value: -0
      objectReference: {fileID: 0}
    - target: {fileID: 4723521584371414, guid: 7a89859d11b24524ab5a7f8bc3b9380a, type: 2}
      propertyPath: m_LocalRotation.y
      value: -0
      objectReference: {fileID: 0}
    - target: {fileID: 4723521584371414, guid: 7a89859d11b24524ab5a7f8bc3b9380a, type: 2}
      propertyPath: m_LocalRotation.z
      value: -0
      objectReference: {fileID: 0}
    - target: {fileID: 4723521584371414, guid: 7a89859d11b24524ab5a7f8bc3b9380a, type: 2}
      propertyPath: m_LocalRotation.w
      value: 1
      objectReference: {fileID: 0}
    - target: {fileID: 4723521584371414, guid: 7a89859d11b24524ab5a7f8bc3b9380a, type: 2}
      propertyPath: m_RootOrder
      value: 0
      objectReference: {fileID: 0}
    m_RemovedComponents: []
  m_SourcePrefab: {fileID: 100100000, guid: 7a89859d11b24524ab5a7f8bc3b9380a, type: 2}
  m_IsPrefabAsset: 0
--- !u!4 &543481767 stripped
Transform:
  m_CorrespondingSourceObject: {fileID: 4723521584371414, guid: 7a89859d11b24524ab5a7f8bc3b9380a,
    type: 2}
  m_PrefabInternal: {fileID: 543481766}
--- !u!1 &552937419
GameObject:
  m_ObjectHideFlags: 0
  m_CorrespondingSourceObject: {fileID: 0}
  m_PrefabInternal: {fileID: 0}
  serializedVersion: 6
  m_Component:
  - component: {fileID: 552937420}
  m_Layer: 0
  m_Name: PatrolPath
  m_TagString: Untagged
  m_Icon: {fileID: 0}
  m_NavMeshLayer: 0
  m_StaticEditorFlags: 0
  m_IsActive: 1
--- !u!4 &552937420
Transform:
  m_ObjectHideFlags: 0
  m_CorrespondingSourceObject: {fileID: 0}
  m_PrefabInternal: {fileID: 0}
  m_GameObject: {fileID: 552937419}
  m_LocalRotation: {x: 0, y: 0, z: 0, w: 1}
  m_LocalPosition: {x: 0, y: 0, z: 0}
  m_LocalScale: {x: 1, y: 1, z: 1}
  m_Children:
  - {fileID: 1169726215}
  - {fileID: 2053768819}
  - {fileID: 496339035}
  - {fileID: 944487543}
  m_Father: {fileID: 18341719}
  m_RootOrder: 2
  m_LocalEulerAnglesHint: {x: 0, y: 0, z: 0}
--- !u!1001 &566967302
Prefab:
  m_ObjectHideFlags: 0
  serializedVersion: 2
  m_Modification:
    m_TransformParent: {fileID: 1214576711}
    m_Modifications:
    - target: {fileID: 4803813944277240, guid: bced6361b53076a45bc4ef2daf4eb1cb, type: 2}
      propertyPath: m_LocalPosition.x
      value: 15.5
      objectReference: {fileID: 0}
    - target: {fileID: 4803813944277240, guid: bced6361b53076a45bc4ef2daf4eb1cb, type: 2}
      propertyPath: m_LocalPosition.y
      value: 0.5
      objectReference: {fileID: 0}
    - target: {fileID: 4803813944277240, guid: bced6361b53076a45bc4ef2daf4eb1cb, type: 2}
      propertyPath: m_LocalPosition.z
      value: 0
      objectReference: {fileID: 0}
    - target: {fileID: 4803813944277240, guid: bced6361b53076a45bc4ef2daf4eb1cb, type: 2}
      propertyPath: m_LocalRotation.x
      value: 0
      objectReference: {fileID: 0}
    - target: {fileID: 4803813944277240, guid: bced6361b53076a45bc4ef2daf4eb1cb, type: 2}
      propertyPath: m_LocalRotation.y
      value: 0
      objectReference: {fileID: 0}
    - target: {fileID: 4803813944277240, guid: bced6361b53076a45bc4ef2daf4eb1cb, type: 2}
      propertyPath: m_LocalRotation.z
      value: 0
      objectReference: {fileID: 0}
    - target: {fileID: 4803813944277240, guid: bced6361b53076a45bc4ef2daf4eb1cb, type: 2}
      propertyPath: m_LocalRotation.w
      value: 1
      objectReference: {fileID: 0}
    - target: {fileID: 4803813944277240, guid: bced6361b53076a45bc4ef2daf4eb1cb, type: 2}
      propertyPath: m_RootOrder
      value: 3
      objectReference: {fileID: 0}
    - target: {fileID: 1844118839443334, guid: bced6361b53076a45bc4ef2daf4eb1cb, type: 2}
      propertyPath: m_Name
      value: Cube (1)
      objectReference: {fileID: 0}
    - target: {fileID: 4803813944277240, guid: bced6361b53076a45bc4ef2daf4eb1cb, type: 2}
      propertyPath: m_LocalScale.z
      value: 33
      objectReference: {fileID: 0}
    m_RemovedComponents: []
  m_SourcePrefab: {fileID: 100100000, guid: bced6361b53076a45bc4ef2daf4eb1cb, type: 2}
  m_IsPrefabAsset: 0
--- !u!4 &566967303 stripped
Transform:
  m_CorrespondingSourceObject: {fileID: 4803813944277240, guid: bced6361b53076a45bc4ef2daf4eb1cb,
    type: 2}
  m_PrefabInternal: {fileID: 566967302}
--- !u!1 &622684628
GameObject:
  m_ObjectHideFlags: 0
  m_CorrespondingSourceObject: {fileID: 0}
  m_PrefabInternal: {fileID: 0}
  serializedVersion: 6
  m_Component:
  - component: {fileID: 622684630}
  - component: {fileID: 622684629}
  m_Layer: 0
  m_Name: NavMesh
  m_TagString: Untagged
  m_Icon: {fileID: 0}
  m_NavMeshLayer: 0
  m_StaticEditorFlags: 0
  m_IsActive: 1
--- !u!114 &622684629
MonoBehaviour:
  m_ObjectHideFlags: 0
  m_CorrespondingSourceObject: {fileID: 0}
  m_PrefabInternal: {fileID: 0}
  m_GameObject: {fileID: 622684628}
  m_Enabled: 1
  m_EditorHideFlags: 0
  m_Script: {fileID: 11500000, guid: 7a5ac11cc976e418e8d13136b07e1f52, type: 3}
  m_Name: 
  m_EditorClassIdentifier: 
  m_AgentTypeID: 0
  m_CollectObjects: 0
  m_Size: {x: 10, y: 10, z: 10}
  m_Center: {x: 0, y: 2, z: 0}
  m_LayerMask:
    serializedVersion: 2
    m_Bits: 1335
  m_UseGeometry: 0
  m_DefaultArea: 0
  m_IgnoreNavMeshAgent: 1
  m_IgnoreNavMeshObstacle: 1
  m_OverrideTileSize: 0
  m_TileSize: 256
  m_OverrideVoxelSize: 0
  m_VoxelSize: 0.16666667
  m_BuildHeightMesh: 0
  m_NavMeshData: {fileID: 23800000, guid: b34ead54c9dac784a8fea5d8f9e6d9a7, type: 2}
--- !u!4 &622684630
Transform:
  m_ObjectHideFlags: 0
  m_CorrespondingSourceObject: {fileID: 0}
  m_PrefabInternal: {fileID: 0}
  m_GameObject: {fileID: 622684628}
  m_LocalRotation: {x: 0, y: 0, z: 0, w: 1}
  m_LocalPosition: {x: 0, y: 1, z: 0}
  m_LocalScale: {x: 1, y: 1, z: 1}
  m_Children: []
  m_Father: {fileID: 0}
  m_RootOrder: 9
  m_LocalEulerAnglesHint: {x: 0, y: 0, z: 0}
--- !u!1001 &647313888
Prefab:
  m_ObjectHideFlags: 0
  serializedVersion: 2
  m_Modification:
    m_TransformParent: {fileID: 1214576711}
    m_Modifications:
    - target: {fileID: 4803813944277240, guid: bced6361b53076a45bc4ef2daf4eb1cb, type: 2}
      propertyPath: m_LocalPosition.x
      value: 0
      objectReference: {fileID: 0}
    - target: {fileID: 4803813944277240, guid: bced6361b53076a45bc4ef2daf4eb1cb, type: 2}
      propertyPath: m_LocalPosition.y
      value: 0.5
      objectReference: {fileID: 0}
    - target: {fileID: 4803813944277240, guid: bced6361b53076a45bc4ef2daf4eb1cb, type: 2}
      propertyPath: m_LocalPosition.z
      value: 17
      objectReference: {fileID: 0}
    - target: {fileID: 4803813944277240, guid: bced6361b53076a45bc4ef2daf4eb1cb, type: 2}
      propertyPath: m_LocalRotation.x
      value: 0
      objectReference: {fileID: 0}
    - target: {fileID: 4803813944277240, guid: bced6361b53076a45bc4ef2daf4eb1cb, type: 2}
      propertyPath: m_LocalRotation.y
      value: 0
      objectReference: {fileID: 0}
    - target: {fileID: 4803813944277240, guid: bced6361b53076a45bc4ef2daf4eb1cb, type: 2}
      propertyPath: m_LocalRotation.z
      value: 0
      objectReference: {fileID: 0}
    - target: {fileID: 4803813944277240, guid: bced6361b53076a45bc4ef2daf4eb1cb, type: 2}
      propertyPath: m_LocalRotation.w
      value: 1
      objectReference: {fileID: 0}
    - target: {fileID: 4803813944277240, guid: bced6361b53076a45bc4ef2daf4eb1cb, type: 2}
      propertyPath: m_RootOrder
      value: 1
      objectReference: {fileID: 0}
    - target: {fileID: 4803813944277240, guid: bced6361b53076a45bc4ef2daf4eb1cb, type: 2}
      propertyPath: m_LocalScale.x
      value: 32
      objectReference: {fileID: 0}
    m_RemovedComponents: []
  m_SourcePrefab: {fileID: 100100000, guid: bced6361b53076a45bc4ef2daf4eb1cb, type: 2}
  m_IsPrefabAsset: 0
--- !u!4 &647313889 stripped
Transform:
  m_CorrespondingSourceObject: {fileID: 4803813944277240, guid: bced6361b53076a45bc4ef2daf4eb1cb,
    type: 2}
  m_PrefabInternal: {fileID: 647313888}
--- !u!1001 &725973428
Prefab:
  m_ObjectHideFlags: 0
  serializedVersion: 2
  m_Modification:
    m_TransformParent: {fileID: 1214576711}
    m_Modifications:
    - target: {fileID: 4803813944277240, guid: bced6361b53076a45bc4ef2daf4eb1cb, type: 2}
      propertyPath: m_LocalPosition.x
      value: -7
      objectReference: {fileID: 0}
    - target: {fileID: 4803813944277240, guid: bced6361b53076a45bc4ef2daf4eb1cb, type: 2}
      propertyPath: m_LocalPosition.y
      value: 0.5
      objectReference: {fileID: 0}
    - target: {fileID: 4803813944277240, guid: bced6361b53076a45bc4ef2daf4eb1cb, type: 2}
      propertyPath: m_LocalPosition.z
      value: -5.5
      objectReference: {fileID: 0}
    - target: {fileID: 4803813944277240, guid: bced6361b53076a45bc4ef2daf4eb1cb, type: 2}
      propertyPath: m_LocalRotation.x
      value: -0
      objectReference: {fileID: 0}
    - target: {fileID: 4803813944277240, guid: bced6361b53076a45bc4ef2daf4eb1cb, type: 2}
      propertyPath: m_LocalRotation.y
      value: -0
      objectReference: {fileID: 0}
    - target: {fileID: 4803813944277240, guid: bced6361b53076a45bc4ef2daf4eb1cb, type: 2}
      propertyPath: m_LocalRotation.z
      value: -0
      objectReference: {fileID: 0}
    - target: {fileID: 4803813944277240, guid: bced6361b53076a45bc4ef2daf4eb1cb, type: 2}
      propertyPath: m_LocalRotation.w
      value: 1
      objectReference: {fileID: 0}
    - target: {fileID: 4803813944277240, guid: bced6361b53076a45bc4ef2daf4eb1cb, type: 2}
      propertyPath: m_RootOrder
      value: 9
      objectReference: {fileID: 0}
    - target: {fileID: 1844118839443334, guid: bced6361b53076a45bc4ef2daf4eb1cb, type: 2}
      propertyPath: m_Name
      value: Cube (7)
      objectReference: {fileID: 0}
    - target: {fileID: 4803813944277240, guid: bced6361b53076a45bc4ef2daf4eb1cb, type: 2}
      propertyPath: m_LocalScale.z
      value: 4
      objectReference: {fileID: 0}
    - target: {fileID: 4803813944277240, guid: bced6361b53076a45bc4ef2daf4eb1cb, type: 2}
      propertyPath: m_LocalScale.x
      value: 10
      objectReference: {fileID: 0}
    m_RemovedComponents: []
  m_SourcePrefab: {fileID: 100100000, guid: bced6361b53076a45bc4ef2daf4eb1cb, type: 2}
  m_IsPrefabAsset: 0
--- !u!4 &725973429 stripped
Transform:
  m_CorrespondingSourceObject: {fileID: 4803813944277240, guid: bced6361b53076a45bc4ef2daf4eb1cb,
    type: 2}
  m_PrefabInternal: {fileID: 725973428}
--- !u!1001 &859895352
Prefab:
  m_ObjectHideFlags: 0
  serializedVersion: 2
  m_Modification:
    m_TransformParent: {fileID: 18341719}
    m_Modifications:
    - target: {fileID: 4507701796692282, guid: bb009016d60a7c846827c5f93fa90a82, type: 2}
      propertyPath: m_LocalPosition.x
      value: 5.5
      objectReference: {fileID: 0}
    - target: {fileID: 4507701796692282, guid: bb009016d60a7c846827c5f93fa90a82, type: 2}
      propertyPath: m_LocalPosition.y
      value: 1
      objectReference: {fileID: 0}
    - target: {fileID: 4507701796692282, guid: bb009016d60a7c846827c5f93fa90a82, type: 2}
      propertyPath: m_LocalPosition.z
      value: 15
      objectReference: {fileID: 0}
    - target: {fileID: 4507701796692282, guid: bb009016d60a7c846827c5f93fa90a82, type: 2}
      propertyPath: m_LocalRotation.x
      value: 0
      objectReference: {fileID: 0}
    - target: {fileID: 4507701796692282, guid: bb009016d60a7c846827c5f93fa90a82, type: 2}
      propertyPath: m_LocalRotation.y
      value: 1
      objectReference: {fileID: 0}
    - target: {fileID: 4507701796692282, guid: bb009016d60a7c846827c5f93fa90a82, type: 2}
      propertyPath: m_LocalRotation.z
      value: 0
      objectReference: {fileID: 0}
    - target: {fileID: 4507701796692282, guid: bb009016d60a7c846827c5f93fa90a82, type: 2}
      propertyPath: m_LocalRotation.w
      value: 0
      objectReference: {fileID: 0}
    - target: {fileID: 4507701796692282, guid: bb009016d60a7c846827c5f93fa90a82, type: 2}
      propertyPath: m_RootOrder
      value: 1
      objectReference: {fileID: 0}
    - target: {fileID: 1499316314755716, guid: bb009016d60a7c846827c5f93fa90a82, type: 2}
      propertyPath: m_Name
      value: Enemy (1)
      objectReference: {fileID: 0}
    - target: {fileID: 4507701796692282, guid: bb009016d60a7c846827c5f93fa90a82, type: 2}
      propertyPath: m_LocalEulerAnglesHint.y
      value: 180
      objectReference: {fileID: 0}
    - target: {fileID: 114410708224468190, guid: bb009016d60a7c846827c5f93fa90a82,
        type: 2}
      propertyPath: patrolPath.Array.data[0]
      value: 
      objectReference: {fileID: 1169726215}
    - target: {fileID: 114410708224468190, guid: bb009016d60a7c846827c5f93fa90a82,
        type: 2}
      propertyPath: patrolPath.Array.data[1]
      value: 
      objectReference: {fileID: 2053768819}
    - target: {fileID: 114410708224468190, guid: bb009016d60a7c846827c5f93fa90a82,
        type: 2}
      propertyPath: patrolPath.Array.data[2]
      value: 
      objectReference: {fileID: 496339035}
    - target: {fileID: 114410708224468190, guid: bb009016d60a7c846827c5f93fa90a82,
        type: 2}
      propertyPath: patrolPath.Array.data[3]
      value: 
      objectReference: {fileID: 944487543}
    m_RemovedComponents: []
  m_SourcePrefab: {fileID: 100100000, guid: bb009016d60a7c846827c5f93fa90a82, type: 2}
  m_IsPrefabAsset: 0
--- !u!4 &859895353 stripped
Transform:
  m_CorrespondingSourceObject: {fileID: 4507701796692282, guid: bb009016d60a7c846827c5f93fa90a82,
    type: 2}
  m_PrefabInternal: {fileID: 859895352}
--- !u!1001 &883411434
Prefab:
  m_ObjectHideFlags: 0
  serializedVersion: 2
  m_Modification:
    m_TransformParent: {fileID: 1214576711}
    m_Modifications:
    - target: {fileID: 4803813944277240, guid: bced6361b53076a45bc4ef2daf4eb1cb, type: 2}
      propertyPath: m_LocalPosition.x
      value: -10
      objectReference: {fileID: 0}
    - target: {fileID: 4803813944277240, guid: bced6361b53076a45bc4ef2daf4eb1cb, type: 2}
      propertyPath: m_LocalPosition.y
      value: 0.5
      objectReference: {fileID: 0}
    - target: {fileID: 4803813944277240, guid: bced6361b53076a45bc4ef2daf4eb1cb, type: 2}
      propertyPath: m_LocalPosition.z
      value: -2
      objectReference: {fileID: 0}
    - target: {fileID: 4803813944277240, guid: bced6361b53076a45bc4ef2daf4eb1cb, type: 2}
      propertyPath: m_LocalRotation.x
      value: -0
      objectReference: {fileID: 0}
    - target: {fileID: 4803813944277240, guid: bced6361b53076a45bc4ef2daf4eb1cb, type: 2}
      propertyPath: m_LocalRotation.y
      value: -0
      objectReference: {fileID: 0}
    - target: {fileID: 4803813944277240, guid: bced6361b53076a45bc4ef2daf4eb1cb, type: 2}
      propertyPath: m_LocalRotation.z
      value: -0
      objectReference: {fileID: 0}
    - target: {fileID: 4803813944277240, guid: bced6361b53076a45bc4ef2daf4eb1cb, type: 2}
      propertyPath: m_LocalRotation.w
      value: 1
      objectReference: {fileID: 0}
    - target: {fileID: 4803813944277240, guid: bced6361b53076a45bc4ef2daf4eb1cb, type: 2}
      propertyPath: m_RootOrder
      value: 15
      objectReference: {fileID: 0}
    - target: {fileID: 1844118839443334, guid: bced6361b53076a45bc4ef2daf4eb1cb, type: 2}
      propertyPath: m_Name
      value: Cube (13)
      objectReference: {fileID: 0}
    - target: {fileID: 4803813944277240, guid: bced6361b53076a45bc4ef2daf4eb1cb, type: 2}
      propertyPath: m_LocalScale.z
      value: 3
      objectReference: {fileID: 0}
    - target: {fileID: 4803813944277240, guid: bced6361b53076a45bc4ef2daf4eb1cb, type: 2}
      propertyPath: m_LocalScale.x
      value: 4
      objectReference: {fileID: 0}
    m_RemovedComponents: []
  m_SourcePrefab: {fileID: 100100000, guid: bced6361b53076a45bc4ef2daf4eb1cb, type: 2}
  m_IsPrefabAsset: 0
--- !u!4 &883411435 stripped
Transform:
  m_CorrespondingSourceObject: {fileID: 4803813944277240, guid: bced6361b53076a45bc4ef2daf4eb1cb,
    type: 2}
  m_PrefabInternal: {fileID: 883411434}
--- !u!1 &944487542
GameObject:
  m_ObjectHideFlags: 0
  m_CorrespondingSourceObject: {fileID: 0}
  m_PrefabInternal: {fileID: 0}
  serializedVersion: 6
  m_Component:
  - component: {fileID: 944487543}
  m_Layer: 0
  m_Name: Mark4
  m_TagString: Untagged
  m_Icon: {fileID: 0}
  m_NavMeshLayer: 0
  m_StaticEditorFlags: 0
  m_IsActive: 1
--- !u!4 &944487543
Transform:
  m_ObjectHideFlags: 0
  m_CorrespondingSourceObject: {fileID: 0}
  m_PrefabInternal: {fileID: 0}
  m_GameObject: {fileID: 944487542}
  m_LocalRotation: {x: -0, y: -0, z: -0, w: 1}
  m_LocalPosition: {x: 5.5, y: 1, z: 15}
  m_LocalScale: {x: 1, y: 1, z: 1}
  m_Children: []
  m_Father: {fileID: 552937420}
  m_RootOrder: 3
  m_LocalEulerAnglesHint: {x: 0, y: 0, z: 0}
--- !u!1 &949018722
GameObject:
  m_ObjectHideFlags: 0
  m_CorrespondingSourceObject: {fileID: 0}
  m_PrefabInternal: {fileID: 0}
  serializedVersion: 6
  m_Component:
  - component: {fileID: 949018724}
  - component: {fileID: 949018723}
  m_Layer: 0
  m_Name: Directional Light
  m_TagString: Untagged
  m_Icon: {fileID: 0}
  m_NavMeshLayer: 0
  m_StaticEditorFlags: 0
  m_IsActive: 1
--- !u!108 &949018723
Light:
  m_ObjectHideFlags: 0
  m_CorrespondingSourceObject: {fileID: 0}
  m_PrefabInternal: {fileID: 0}
  m_GameObject: {fileID: 949018722}
  m_Enabled: 1
  serializedVersion: 8
  m_Type: 1
  m_Color: {r: 1, g: 0.95686275, b: 0.8392157, a: 1}
  m_Intensity: 1
  m_Range: 10
  m_SpotAngle: 30
  m_CookieSize: 10
  m_Shadows:
    m_Type: 2
    m_Resolution: -1
    m_CustomResolution: -1
    m_Strength: 1
    m_Bias: 0.05
    m_NormalBias: 0.4
    m_NearPlane: 0.2
  m_Cookie: {fileID: 0}
  m_DrawHalo: 0
  m_Flare: {fileID: 0}
  m_RenderMode: 0
  m_CullingMask:
    serializedVersion: 2
    m_Bits: 4294967295
  m_Lightmapping: 4
  m_LightShadowCasterMode: 0
  m_AreaSize: {x: 1, y: 1}
  m_BounceIntensity: 1
  m_ColorTemperature: 6570
  m_UseColorTemperature: 0
  m_ShadowRadius: 0
  m_ShadowAngle: 0
--- !u!4 &949018724
Transform:
  m_ObjectHideFlags: 0
  m_CorrespondingSourceObject: {fileID: 0}
  m_PrefabInternal: {fileID: 0}
  m_GameObject: {fileID: 949018722}
  m_LocalRotation: {x: 0.40821788, y: -0.23456968, z: 0.10938163, w: 0.8754261}
  m_LocalPosition: {x: 0, y: 3, z: 0}
  m_LocalScale: {x: 1, y: 1, z: 1}
  m_Children: []
  m_Father: {fileID: 0}
  m_RootOrder: 1
  m_LocalEulerAnglesHint: {x: 50, y: -30, z: 0}
--- !u!1 &1169726214
GameObject:
  m_ObjectHideFlags: 0
  m_CorrespondingSourceObject: {fileID: 0}
  m_PrefabInternal: {fileID: 0}
  serializedVersion: 6
  m_Component:
  - component: {fileID: 1169726215}
  m_Layer: 0
  m_Name: Mark1
  m_TagString: Untagged
  m_Icon: {fileID: 0}
  m_NavMeshLayer: 0
  m_StaticEditorFlags: 0
  m_IsActive: 1
--- !u!4 &1169726215
Transform:
  m_ObjectHideFlags: 0
  m_CorrespondingSourceObject: {fileID: 0}
  m_PrefabInternal: {fileID: 0}
  m_GameObject: {fileID: 1169726214}
  m_LocalRotation: {x: 0, y: 0, z: 0, w: 1}
  m_LocalPosition: {x: 5.5, y: 1, z: 7}
  m_LocalScale: {x: 1, y: 1, z: 1}
  m_Children: []
  m_Father: {fileID: 552937420}
  m_RootOrder: 0
  m_LocalEulerAnglesHint: {x: 0, y: 0, z: 0}
--- !u!1 &1214576710
GameObject:
  m_ObjectHideFlags: 0
  m_CorrespondingSourceObject: {fileID: 0}
  m_PrefabInternal: {fileID: 0}
  serializedVersion: 6
  m_Component:
  - component: {fileID: 1214576711}
  m_Layer: 0
  m_Name: Level
  m_TagString: Untagged
  m_Icon: {fileID: 0}
  m_NavMeshLayer: 0
  m_StaticEditorFlags: 0
  m_IsActive: 1
--- !u!4 &1214576711
Transform:
  m_ObjectHideFlags: 0
  m_CorrespondingSourceObject: {fileID: 0}
  m_PrefabInternal: {fileID: 0}
  m_GameObject: {fileID: 1214576710}
  m_LocalRotation: {x: 0, y: 0, z: 0, w: 1}
  m_LocalPosition: {x: 0, y: 0, z: 0}
  m_LocalScale: {x: 1, y: 1, z: 1}
  m_Children:
  - {fileID: 543481767}
  - {fileID: 647313889}
  - {fileID: 251598003}
  - {fileID: 566967303}
  - {fileID: 1520143762}
  - {fileID: 1618013456}
  - {fileID: 1626910846}
  - {fileID: 349550101}
  - {fileID: 1870774512}
  - {fileID: 725973429}
  - {fileID: 1966095679}
  - {fileID: 315440208}
  - {fileID: 1646576784}
  - {fileID: 1449199950}
  - {fileID: 1595347378}
  - {fileID: 883411435}
  m_Father: {fileID: 0}
  m_RootOrder: 4
  m_LocalEulerAnglesHint: {x: 0, y: 0, z: 0}
--- !u!1001 &1218281331
Prefab:
  m_ObjectHideFlags: 0
  serializedVersion: 2
  m_Modification:
    m_TransformParent: {fileID: 0}
    m_Modifications:
    - target: {fileID: 4703301398824432, guid: 6c738e5d75215b740a0a2eaa519f0b4e, type: 2}
      propertyPath: m_LocalPosition.x
      value: 0
      objectReference: {fileID: 0}
    - target: {fileID: 4703301398824432, guid: 6c738e5d75215b740a0a2eaa519f0b4e, type: 2}
      propertyPath: m_LocalPosition.y
      value: 0
      objectReference: {fileID: 0}
    - target: {fileID: 4703301398824432, guid: 6c738e5d75215b740a0a2eaa519f0b4e, type: 2}
      propertyPath: m_LocalPosition.z
      value: 0
      objectReference: {fileID: 0}
    - target: {fileID: 4703301398824432, guid: 6c738e5d75215b740a0a2eaa519f0b4e, type: 2}
      propertyPath: m_LocalRotation.x
      value: 0
      objectReference: {fileID: 0}
    - target: {fileID: 4703301398824432, guid: 6c738e5d75215b740a0a2eaa519f0b4e, type: 2}
      propertyPath: m_LocalRotation.y
      value: 0
      objectReference: {fileID: 0}
    - target: {fileID: 4703301398824432, guid: 6c738e5d75215b740a0a2eaa519f0b4e, type: 2}
      propertyPath: m_LocalRotation.z
      value: 0
      objectReference: {fileID: 0}
    - target: {fileID: 4703301398824432, guid: 6c738e5d75215b740a0a2eaa519f0b4e, type: 2}
      propertyPath: m_LocalRotation.w
      value: 1
      objectReference: {fileID: 0}
    - target: {fileID: 4703301398824432, guid: 6c738e5d75215b740a0a2eaa519f0b4e, type: 2}
      propertyPath: m_RootOrder
      value: 2
      objectReference: {fileID: 0}
    - target: {fileID: 114479582064018132, guid: 6c738e5d75215b740a0a2eaa519f0b4e,
        type: 2}
      propertyPath: player
      value: 
      objectReference: {fileID: 1409659535}
    - target: {fileID: 114479582064018132, guid: 6c738e5d75215b740a0a2eaa519f0b4e,
        type: 2}
      propertyPath: nextLevelName
      value: Level3
      objectReference: {fileID: 0}
    - target: {fileID: 114479582064018132, guid: 6c738e5d75215b740a0a2eaa519f0b4e,
        type: 2}
      propertyPath: caughtPanel
      value: 
      objectReference: {fileID: 90600915}
    m_RemovedComponents: []
  m_SourcePrefab: {fileID: 100100000, guid: 6c738e5d75215b740a0a2eaa519f0b4e, type: 2}
  m_IsPrefabAsset: 0
--- !u!1 &1315247763
GameObject:
  m_ObjectHideFlags: 0
  m_CorrespondingSourceObject: {fileID: 1360927912156604, guid: 60c5c370d92313649be139ee58b375c3,
    type: 2}
  m_PrefabInternal: {fileID: 0}
  serializedVersion: 6
  m_Component:
  - component: {fileID: 1315247764}
  - component: {fileID: 1315247767}
  - component: {fileID: 1315247766}
  - component: {fileID: 1315247765}
  m_Layer: 5
  m_Name: UseClones
  m_TagString: Untagged
  m_Icon: {fileID: 0}
  m_NavMeshLayer: 0
  m_StaticEditorFlags: 0
  m_IsActive: 1
--- !u!224 &1315247764
RectTransform:
  m_ObjectHideFlags: 0
  m_CorrespondingSourceObject: {fileID: 224225677012920600, guid: 60c5c370d92313649be139ee58b375c3,
    type: 2}
  m_PrefabInternal: {fileID: 0}
  m_GameObject: {fileID: 1315247763}
  m_LocalRotation: {x: -0, y: -0, z: -0, w: 1}
  m_LocalPosition: {x: 0, y: 0, z: 0}
  m_LocalScale: {x: 1, y: 1, z: 1}
  m_Children:
  - {fileID: 225802231}
  m_Father: {fileID: 1643194747}
  m_RootOrder: 1
  m_LocalEulerAnglesHint: {x: 0, y: 0, z: 0}
  m_AnchorMin: {x: 0, y: 0.5}
  m_AnchorMax: {x: 1, y: 0.5}
  m_AnchoredPosition: {x: 0, y: 0}
  m_SizeDelta: {x: 0, y: 100}
  m_Pivot: {x: 0.5, y: 0.5}
--- !u!114 &1315247765
MonoBehaviour:
  m_ObjectHideFlags: 0
  m_CorrespondingSourceObject: {fileID: 0}
  m_PrefabInternal: {fileID: 0}
  m_GameObject: {fileID: 1315247763}
  m_Enabled: 1
  m_EditorHideFlags: 0
  m_Script: {fileID: 11500000, guid: 8756937eaab03724d86306c43a0a38a4, type: 3}
  m_Name: 
  m_EditorClassIdentifier: 
  nbSeconds: 3
--- !u!114 &1315247766
MonoBehaviour:
  m_ObjectHideFlags: 0
  m_CorrespondingSourceObject: {fileID: 114173196979737826, guid: 60c5c370d92313649be139ee58b375c3,
    type: 2}
  m_PrefabInternal: {fileID: 0}
  m_GameObject: {fileID: 1315247763}
  m_Enabled: 1
  m_EditorHideFlags: 0
  m_Script: {fileID: -765806418, guid: f70555f144d8491a825f0804e09c671c, type: 3}
  m_Name: 
  m_EditorClassIdentifier: 
  m_Material: {fileID: 0}
  m_Color: {r: 0, g: 0, b: 0, a: 0.392}
  m_RaycastTarget: 1
  m_OnCullStateChanged:
    m_PersistentCalls:
      m_Calls: []
    m_TypeName: UnityEngine.UI.MaskableGraphic+CullStateChangedEvent, UnityEngine.UI,
      Version=1.0.0.0, Culture=neutral, PublicKeyToken=null
  m_Sprite: {fileID: 10907, guid: 0000000000000000f000000000000000, type: 0}
  m_Type: 1
  m_PreserveAspect: 0
  m_FillCenter: 1
  m_FillMethod: 4
  m_FillAmount: 1
  m_FillClockwise: 1
  m_FillOrigin: 0
--- !u!222 &1315247767
CanvasRenderer:
  m_ObjectHideFlags: 0
  m_CorrespondingSourceObject: {fileID: 222810061264644210, guid: 60c5c370d92313649be139ee58b375c3,
    type: 2}
  m_PrefabInternal: {fileID: 0}
  m_GameObject: {fileID: 1315247763}
  m_CullTransparentMesh: 0
--- !u!1001 &1409659534
Prefab:
  m_ObjectHideFlags: 0
  serializedVersion: 2
  m_Modification:
    m_TransformParent: {fileID: 0}
    m_Modifications:
    - target: {fileID: 4215107007222132, guid: 6117d8c3ff3d37e418bc14590767f288, type: 2}
      propertyPath: m_LocalPosition.x
      value: -13.5
      objectReference: {fileID: 0}
    - target: {fileID: 4215107007222132, guid: 6117d8c3ff3d37e418bc14590767f288, type: 2}
      propertyPath: m_LocalPosition.y
      value: 1
      objectReference: {fileID: 0}
    - target: {fileID: 4215107007222132, guid: 6117d8c3ff3d37e418bc14590767f288, type: 2}
      propertyPath: m_LocalPosition.z
      value: -12
      objectReference: {fileID: 0}
    - target: {fileID: 4215107007222132, guid: 6117d8c3ff3d37e418bc14590767f288, type: 2}
      propertyPath: m_LocalRotation.x
      value: 0
      objectReference: {fileID: 0}
    - target: {fileID: 4215107007222132, guid: 6117d8c3ff3d37e418bc14590767f288, type: 2}
      propertyPath: m_LocalRotation.y
      value: 0
      objectReference: {fileID: 0}
    - target: {fileID: 4215107007222132, guid: 6117d8c3ff3d37e418bc14590767f288, type: 2}
      propertyPath: m_LocalRotation.z
      value: 0
      objectReference: {fileID: 0}
    - target: {fileID: 4215107007222132, guid: 6117d8c3ff3d37e418bc14590767f288, type: 2}
      propertyPath: m_LocalRotation.w
      value: 1
      objectReference: {fileID: 0}
    - target: {fileID: 4215107007222132, guid: 6117d8c3ff3d37e418bc14590767f288, type: 2}
      propertyPath: m_RootOrder
      value: 3
      objectReference: {fileID: 0}
    - target: {fileID: 114175009102104760, guid: 6117d8c3ff3d37e418bc14590767f288,
        type: 2}
      propertyPath: destination
      value: 
      objectReference: {fileID: 2092018170}
    m_RemovedComponents: []
  m_SourcePrefab: {fileID: 100100000, guid: 6117d8c3ff3d37e418bc14590767f288, type: 2}
  m_IsPrefabAsset: 0
--- !u!4 &1409659535 stripped
Transform:
  m_CorrespondingSourceObject: {fileID: 4215107007222132, guid: 6117d8c3ff3d37e418bc14590767f288,
    type: 2}
  m_PrefabInternal: {fileID: 1409659534}
--- !u!1001 &1449199949
Prefab:
  m_ObjectHideFlags: 0
  serializedVersion: 2
  m_Modification:
    m_TransformParent: {fileID: 1214576711}
    m_Modifications:
    - target: {fileID: 4803813944277240, guid: bced6361b53076a45bc4ef2daf4eb1cb, type: 2}
      propertyPath: m_LocalPosition.x
      value: -5.5
      objectReference: {fileID: 0}
    - target: {fileID: 4803813944277240, guid: bced6361b53076a45bc4ef2daf4eb1cb, type: 2}
      propertyPath: m_LocalPosition.y
      value: 0.5
      objectReference: {fileID: 0}
    - target: {fileID: 4803813944277240, guid: bced6361b53076a45bc4ef2daf4eb1cb, type: 2}
      propertyPath: m_LocalPosition.z
      value: 10.5
      objectReference: {fileID: 0}
    - target: {fileID: 4803813944277240, guid: bced6361b53076a45bc4ef2daf4eb1cb, type: 2}
      propertyPath: m_LocalRotation.x
      value: -0
      objectReference: {fileID: 0}
    - target: {fileID: 4803813944277240, guid: bced6361b53076a45bc4ef2daf4eb1cb, type: 2}
      propertyPath: m_LocalRotation.y
      value: -0
      objectReference: {fileID: 0}
    - target: {fileID: 4803813944277240, guid: bced6361b53076a45bc4ef2daf4eb1cb, type: 2}
      propertyPath: m_LocalRotation.z
      value: -0
      objectReference: {fileID: 0}
    - target: {fileID: 4803813944277240, guid: bced6361b53076a45bc4ef2daf4eb1cb, type: 2}
      propertyPath: m_LocalRotation.w
      value: 1
      objectReference: {fileID: 0}
    - target: {fileID: 4803813944277240, guid: bced6361b53076a45bc4ef2daf4eb1cb, type: 2}
      propertyPath: m_RootOrder
      value: 13
      objectReference: {fileID: 0}
    - target: {fileID: 1844118839443334, guid: bced6361b53076a45bc4ef2daf4eb1cb, type: 2}
      propertyPath: m_Name
      value: Cube (11)
      objectReference: {fileID: 0}
    - target: {fileID: 4803813944277240, guid: bced6361b53076a45bc4ef2daf4eb1cb, type: 2}
      propertyPath: m_LocalScale.z
      value: 6
      objectReference: {fileID: 0}
    - target: {fileID: 4803813944277240, guid: bced6361b53076a45bc4ef2daf4eb1cb, type: 2}
      propertyPath: m_LocalScale.x
      value: 7
      objectReference: {fileID: 0}
    m_RemovedComponents: []
  m_SourcePrefab: {fileID: 100100000, guid: bced6361b53076a45bc4ef2daf4eb1cb, type: 2}
  m_IsPrefabAsset: 0
--- !u!4 &1449199950 stripped
Transform:
  m_CorrespondingSourceObject: {fileID: 4803813944277240, guid: bced6361b53076a45bc4ef2daf4eb1cb,
    type: 2}
  m_PrefabInternal: {fileID: 1449199949}
--- !u!1001 &1520143761
Prefab:
  m_ObjectHideFlags: 0
  serializedVersion: 2
  m_Modification:
    m_TransformParent: {fileID: 1214576711}
    m_Modifications:
    - target: {fileID: 4803813944277240, guid: bced6361b53076a45bc4ef2daf4eb1cb, type: 2}
      propertyPath: m_LocalPosition.x
      value: -15.5
      objectReference: {fileID: 0}
    - target: {fileID: 4803813944277240, guid: bced6361b53076a45bc4ef2daf4eb1cb, type: 2}
      propertyPath: m_LocalPosition.y
      value: 0.5
      objectReference: {fileID: 0}
    - target: {fileID: 4803813944277240, guid: bced6361b53076a45bc4ef2daf4eb1cb, type: 2}
      propertyPath: m_LocalPosition.z
      value: 0
      objectReference: {fileID: 0}
    - target: {fileID: 4803813944277240, guid: bced6361b53076a45bc4ef2daf4eb1cb, type: 2}
      propertyPath: m_LocalRotation.x
      value: -0
      objectReference: {fileID: 0}
    - target: {fileID: 4803813944277240, guid: bced6361b53076a45bc4ef2daf4eb1cb, type: 2}
      propertyPath: m_LocalRotation.y
      value: -0
      objectReference: {fileID: 0}
    - target: {fileID: 4803813944277240, guid: bced6361b53076a45bc4ef2daf4eb1cb, type: 2}
      propertyPath: m_LocalRotation.z
      value: -0
      objectReference: {fileID: 0}
    - target: {fileID: 4803813944277240, guid: bced6361b53076a45bc4ef2daf4eb1cb, type: 2}
      propertyPath: m_LocalRotation.w
      value: 1
      objectReference: {fileID: 0}
    - target: {fileID: 4803813944277240, guid: bced6361b53076a45bc4ef2daf4eb1cb, type: 2}
      propertyPath: m_RootOrder
      value: 4
      objectReference: {fileID: 0}
    - target: {fileID: 1844118839443334, guid: bced6361b53076a45bc4ef2daf4eb1cb, type: 2}
      propertyPath: m_Name
      value: Cube (2)
      objectReference: {fileID: 0}
    - target: {fileID: 4803813944277240, guid: bced6361b53076a45bc4ef2daf4eb1cb, type: 2}
      propertyPath: m_LocalScale.z
      value: 33
      objectReference: {fileID: 0}
    m_RemovedComponents: []
  m_SourcePrefab: {fileID: 100100000, guid: bced6361b53076a45bc4ef2daf4eb1cb, type: 2}
  m_IsPrefabAsset: 0
--- !u!4 &1520143762 stripped
Transform:
  m_CorrespondingSourceObject: {fileID: 4803813944277240, guid: bced6361b53076a45bc4ef2daf4eb1cb,
    type: 2}
  m_PrefabInternal: {fileID: 1520143761}
--- !u!1001 &1595347377
Prefab:
  m_ObjectHideFlags: 0
  serializedVersion: 2
  m_Modification:
    m_TransformParent: {fileID: 1214576711}
    m_Modifications:
    - target: {fileID: 4803813944277240, guid: bced6361b53076a45bc4ef2daf4eb1cb, type: 2}
      propertyPath: m_LocalPosition.x
      value: 1
      objectReference: {fileID: 0}
    - target: {fileID: 4803813944277240, guid: bced6361b53076a45bc4ef2daf4eb1cb, type: 2}
      propertyPath: m_LocalPosition.y
      value: 0.5
      objectReference: {fileID: 0}
    - target: {fileID: 4803813944277240, guid: bced6361b53076a45bc4ef2daf4eb1cb, type: 2}
      propertyPath: m_LocalPosition.z
      value: 11
      objectReference: {fileID: 0}
    - target: {fileID: 4803813944277240, guid: bced6361b53076a45bc4ef2daf4eb1cb, type: 2}
      propertyPath: m_LocalRotation.x
      value: -0
      objectReference: {fileID: 0}
    - target: {fileID: 4803813944277240, guid: bced6361b53076a45bc4ef2daf4eb1cb, type: 2}
      propertyPath: m_LocalRotation.y
      value: -0
      objectReference: {fileID: 0}
    - target: {fileID: 4803813944277240, guid: bced6361b53076a45bc4ef2daf4eb1cb, type: 2}
      propertyPath: m_LocalRotation.z
      value: -0
      objectReference: {fileID: 0}
    - target: {fileID: 4803813944277240, guid: bced6361b53076a45bc4ef2daf4eb1cb, type: 2}
      propertyPath: m_LocalRotation.w
      value: 1
      objectReference: {fileID: 0}
    - target: {fileID: 4803813944277240, guid: bced6361b53076a45bc4ef2daf4eb1cb, type: 2}
      propertyPath: m_RootOrder
      value: 14
      objectReference: {fileID: 0}
    - target: {fileID: 1844118839443334, guid: bced6361b53076a45bc4ef2daf4eb1cb, type: 2}
      propertyPath: m_Name
      value: Cube (12)
      objectReference: {fileID: 0}
    - target: {fileID: 4803813944277240, guid: bced6361b53076a45bc4ef2daf4eb1cb, type: 2}
      propertyPath: m_LocalScale.z
      value: 5
      objectReference: {fileID: 0}
    - target: {fileID: 4803813944277240, guid: bced6361b53076a45bc4ef2daf4eb1cb, type: 2}
      propertyPath: m_LocalScale.x
      value: 6
      objectReference: {fileID: 0}
    m_RemovedComponents: []
  m_SourcePrefab: {fileID: 100100000, guid: bced6361b53076a45bc4ef2daf4eb1cb, type: 2}
  m_IsPrefabAsset: 0
--- !u!4 &1595347378 stripped
Transform:
  m_CorrespondingSourceObject: {fileID: 4803813944277240, guid: bced6361b53076a45bc4ef2daf4eb1cb,
    type: 2}
  m_PrefabInternal: {fileID: 1595347377}
--- !u!1001 &1618013455
Prefab:
  m_ObjectHideFlags: 0
  serializedVersion: 2
  m_Modification:
    m_TransformParent: {fileID: 1214576711}
    m_Modifications:
    - target: {fileID: 4803813944277240, guid: bced6361b53076a45bc4ef2daf4eb1cb, type: 2}
      propertyPath: m_LocalPosition.x
      value: -13.5
      objectReference: {fileID: 0}
    - target: {fileID: 4803813944277240, guid: bced6361b53076a45bc4ef2daf4eb1cb, type: 2}
      propertyPath: m_LocalPosition.y
      value: 0.5
      objectReference: {fileID: 0}
    - target: {fileID: 4803813944277240, guid: bced6361b53076a45bc4ef2daf4eb1cb, type: 2}
      propertyPath: m_LocalPosition.z
      value: 15
      objectReference: {fileID: 0}
    - target: {fileID: 4803813944277240, guid: bced6361b53076a45bc4ef2daf4eb1cb, type: 2}
      propertyPath: m_LocalRotation.x
      value: -0
      objectReference: {fileID: 0}
    - target: {fileID: 4803813944277240, guid: bced6361b53076a45bc4ef2daf4eb1cb, type: 2}
      propertyPath: m_LocalRotation.y
      value: -0
      objectReference: {fileID: 0}
    - target: {fileID: 4803813944277240, guid: bced6361b53076a45bc4ef2daf4eb1cb, type: 2}
      propertyPath: m_LocalRotation.z
      value: -0
      objectReference: {fileID: 0}
    - target: {fileID: 4803813944277240, guid: bced6361b53076a45bc4ef2daf4eb1cb, type: 2}
      propertyPath: m_LocalRotation.w
      value: 1
      objectReference: {fileID: 0}
    - target: {fileID: 4803813944277240, guid: bced6361b53076a45bc4ef2daf4eb1cb, type: 2}
      propertyPath: m_RootOrder
      value: 5
      objectReference: {fileID: 0}
    - target: {fileID: 1844118839443334, guid: bced6361b53076a45bc4ef2daf4eb1cb, type: 2}
      propertyPath: m_Name
      value: Cube (3)
      objectReference: {fileID: 0}
    - target: {fileID: 4803813944277240, guid: bced6361b53076a45bc4ef2daf4eb1cb, type: 2}
      propertyPath: m_LocalScale.z
      value: 3
      objectReference: {fileID: 0}
    - target: {fileID: 4803813944277240, guid: bced6361b53076a45bc4ef2daf4eb1cb, type: 2}
      propertyPath: m_LocalScale.x
      value: 3
      objectReference: {fileID: 0}
    m_RemovedComponents: []
  m_SourcePrefab: {fileID: 100100000, guid: bced6361b53076a45bc4ef2daf4eb1cb, type: 2}
  m_IsPrefabAsset: 0
--- !u!4 &1618013456 stripped
Transform:
  m_CorrespondingSourceObject: {fileID: 4803813944277240, guid: bced6361b53076a45bc4ef2daf4eb1cb,
    type: 2}
  m_PrefabInternal: {fileID: 1618013455}
--- !u!1001 &1626910845
Prefab:
  m_ObjectHideFlags: 0
  serializedVersion: 2
  m_Modification:
    m_TransformParent: {fileID: 1214576711}
    m_Modifications:
    - target: {fileID: 4803813944277240, guid: bced6361b53076a45bc4ef2daf4eb1cb, type: 2}
      propertyPath: m_LocalPosition.x
      value: -13.5
      objectReference: {fileID: 0}
    - target: {fileID: 4803813944277240, guid: bced6361b53076a45bc4ef2daf4eb1cb, type: 2}
      propertyPath: m_LocalPosition.y
      value: 0.5
      objectReference: {fileID: 0}
    - target: {fileID: 4803813944277240, guid: bced6361b53076a45bc4ef2daf4eb1cb, type: 2}
      propertyPath: m_LocalPosition.z
      value: -15
      objectReference: {fileID: 0}
    - target: {fileID: 4803813944277240, guid: bced6361b53076a45bc4ef2daf4eb1cb, type: 2}
      propertyPath: m_LocalRotation.x
      value: -0
      objectReference: {fileID: 0}
    - target: {fileID: 4803813944277240, guid: bced6361b53076a45bc4ef2daf4eb1cb, type: 2}
      propertyPath: m_LocalRotation.y
      value: -0
      objectReference: {fileID: 0}
    - target: {fileID: 4803813944277240, guid: bced6361b53076a45bc4ef2daf4eb1cb, type: 2}
      propertyPath: m_LocalRotation.z
      value: -0
      objectReference: {fileID: 0}
    - target: {fileID: 4803813944277240, guid: bced6361b53076a45bc4ef2daf4eb1cb, type: 2}
      propertyPath: m_LocalRotation.w
      value: 1
      objectReference: {fileID: 0}
    - target: {fileID: 4803813944277240, guid: bced6361b53076a45bc4ef2daf4eb1cb, type: 2}
      propertyPath: m_RootOrder
      value: 6
      objectReference: {fileID: 0}
    - target: {fileID: 1844118839443334, guid: bced6361b53076a45bc4ef2daf4eb1cb, type: 2}
      propertyPath: m_Name
      value: Cube (4)
      objectReference: {fileID: 0}
    - target: {fileID: 4803813944277240, guid: bced6361b53076a45bc4ef2daf4eb1cb, type: 2}
      propertyPath: m_LocalScale.z
      value: 3
      objectReference: {fileID: 0}
    - target: {fileID: 4803813944277240, guid: bced6361b53076a45bc4ef2daf4eb1cb, type: 2}
      propertyPath: m_LocalScale.x
      value: 3
      objectReference: {fileID: 0}
    m_RemovedComponents: []
  m_SourcePrefab: {fileID: 100100000, guid: bced6361b53076a45bc4ef2daf4eb1cb, type: 2}
  m_IsPrefabAsset: 0
--- !u!4 &1626910846 stripped
Transform:
  m_CorrespondingSourceObject: {fileID: 4803813944277240, guid: bced6361b53076a45bc4ef2daf4eb1cb,
    type: 2}
  m_PrefabInternal: {fileID: 1626910845}
--- !u!1001 &1639069049
Prefab:
  m_ObjectHideFlags: 0
  serializedVersion: 2
  m_Modification:
    m_TransformParent: {fileID: 18341719}
    m_Modifications:
    - target: {fileID: 114410708224468190, guid: bb009016d60a7c846827c5f93fa90a82,
        type: 2}
      propertyPath: patrolPath.Array.size
      value: 0
      objectReference: {fileID: 0}
    - target: {fileID: 4507701796692282, guid: bb009016d60a7c846827c5f93fa90a82, type: 2}
      propertyPath: m_LocalPosition.x
      value: -6.5
      objectReference: {fileID: 0}
    - target: {fileID: 4507701796692282, guid: bb009016d60a7c846827c5f93fa90a82, type: 2}
      propertyPath: m_LocalPosition.z
      value: -2
      objectReference: {fileID: 0}
    - target: {fileID: 4507701796692282, guid: bb009016d60a7c846827c5f93fa90a82, type: 2}
      propertyPath: m_RootOrder
      value: 0
      objectReference: {fileID: 0}
    - target: {fileID: 4507701796692282, guid: bb009016d60a7c846827c5f93fa90a82, type: 2}
      propertyPath: m_LocalEulerAnglesHint.y
      value: 90
      objectReference: {fileID: 0}
    - target: {fileID: 4507701796692282, guid: bb009016d60a7c846827c5f93fa90a82, type: 2}
      propertyPath: m_LocalRotation.y
      value: 0.7071068
      objectReference: {fileID: 0}
    - target: {fileID: 4507701796692282, guid: bb009016d60a7c846827c5f93fa90a82, type: 2}
      propertyPath: m_LocalRotation.w
      value: 0.7071068
      objectReference: {fileID: 0}
    - target: {fileID: 4507701796692282, guid: bb009016d60a7c846827c5f93fa90a82, type: 2}
      propertyPath: m_LocalRotation.x
      value: -0
      objectReference: {fileID: 0}
    - target: {fileID: 4507701796692282, guid: bb009016d60a7c846827c5f93fa90a82, type: 2}
      propertyPath: m_LocalRotation.z
      value: -0
      objectReference: {fileID: 0}
    - target: {fileID: 4507701796692282, guid: bb009016d60a7c846827c5f93fa90a82, type: 2}
      propertyPath: m_LocalScale.x
      value: 1
      objectReference: {fileID: 0}
    - target: {fileID: 4507701796692282, guid: bb009016d60a7c846827c5f93fa90a82, type: 2}
      propertyPath: m_LocalScale.z
      value: 1
      objectReference: {fileID: 0}
    m_RemovedComponents: []
  m_SourcePrefab: {fileID: 100100000, guid: bb009016d60a7c846827c5f93fa90a82, type: 2}
  m_IsPrefabAsset: 0
--- !u!4 &1639069050 stripped
Transform:
  m_CorrespondingSourceObject: {fileID: 4507701796692282, guid: bb009016d60a7c846827c5f93fa90a82,
    type: 2}
  m_PrefabInternal: {fileID: 1639069049}
--- !u!224 &1643194747 stripped
RectTransform:
  m_CorrespondingSourceObject: {fileID: 224299925469243560, guid: 60c5c370d92313649be139ee58b375c3,
    type: 2}
  m_PrefabInternal: {fileID: 211701451}
--- !u!1001 &1646576783
Prefab:
  m_ObjectHideFlags: 0
  serializedVersion: 2
  m_Modification:
    m_TransformParent: {fileID: 1214576711}
    m_Modifications:
    - target: {fileID: 4803813944277240, guid: bced6361b53076a45bc4ef2daf4eb1cb, type: 2}
      propertyPath: m_LocalPosition.x
      value: 9.5
      objectReference: {fileID: 0}
    - target: {fileID: 4803813944277240, guid: bced6361b53076a45bc4ef2daf4eb1cb, type: 2}
      propertyPath: m_LocalPosition.y
      value: 0.5
      objectReference: {fileID: 0}
    - target: {fileID: 4803813944277240, guid: bced6361b53076a45bc4ef2daf4eb1cb, type: 2}
      propertyPath: m_LocalPosition.z
      value: 11
      objectReference: {fileID: 0}
    - target: {fileID: 4803813944277240, guid: bced6361b53076a45bc4ef2daf4eb1cb, type: 2}
      propertyPath: m_LocalRotation.x
      value: -0
      objectReference: {fileID: 0}
    - target: {fileID: 4803813944277240, guid: bced6361b53076a45bc4ef2daf4eb1cb, type: 2}
      propertyPath: m_LocalRotation.y
      value: -0
      objectReference: {fileID: 0}
    - target: {fileID: 4803813944277240, guid: bced6361b53076a45bc4ef2daf4eb1cb, type: 2}
      propertyPath: m_LocalRotation.z
      value: -0
      objectReference: {fileID: 0}
    - target: {fileID: 4803813944277240, guid: bced6361b53076a45bc4ef2daf4eb1cb, type: 2}
      propertyPath: m_LocalRotation.w
      value: 1
      objectReference: {fileID: 0}
    - target: {fileID: 4803813944277240, guid: bced6361b53076a45bc4ef2daf4eb1cb, type: 2}
      propertyPath: m_RootOrder
      value: 12
      objectReference: {fileID: 0}
    - target: {fileID: 1844118839443334, guid: bced6361b53076a45bc4ef2daf4eb1cb, type: 2}
      propertyPath: m_Name
      value: Cube (10)
      objectReference: {fileID: 0}
    - target: {fileID: 4803813944277240, guid: bced6361b53076a45bc4ef2daf4eb1cb, type: 2}
      propertyPath: m_LocalScale.z
      value: 5
      objectReference: {fileID: 0}
    - target: {fileID: 4803813944277240, guid: bced6361b53076a45bc4ef2daf4eb1cb, type: 2}
      propertyPath: m_LocalScale.x
      value: 5
      objectReference: {fileID: 0}
    m_RemovedComponents: []
  m_SourcePrefab: {fileID: 100100000, guid: bced6361b53076a45bc4ef2daf4eb1cb, type: 2}
  m_IsPrefabAsset: 0
--- !u!4 &1646576784 stripped
Transform:
  m_CorrespondingSourceObject: {fileID: 4803813944277240, guid: bced6361b53076a45bc4ef2daf4eb1cb,
    type: 2}
  m_PrefabInternal: {fileID: 1646576783}
--- !u!1001 &1870774511
Prefab:
  m_ObjectHideFlags: 0
  serializedVersion: 2
  m_Modification:
    m_TransformParent: {fileID: 1214576711}
    m_Modifications:
    - target: {fileID: 4803813944277240, guid: bced6361b53076a45bc4ef2daf4eb1cb, type: 2}
      propertyPath: m_LocalPosition.x
      value: -7
      objectReference: {fileID: 0}
    - target: {fileID: 4803813944277240, guid: bced6361b53076a45bc4ef2daf4eb1cb, type: 2}
      propertyPath: m_LocalPosition.y
      value: 0.5
      objectReference: {fileID: 0}
    - target: {fileID: 4803813944277240, guid: bced6361b53076a45bc4ef2daf4eb1cb, type: 2}
      propertyPath: m_LocalPosition.z
      value: 3.5
      objectReference: {fileID: 0}
    - target: {fileID: 4803813944277240, guid: bced6361b53076a45bc4ef2daf4eb1cb, type: 2}
      propertyPath: m_LocalRotation.x
      value: -0
      objectReference: {fileID: 0}
    - target: {fileID: 4803813944277240, guid: bced6361b53076a45bc4ef2daf4eb1cb, type: 2}
      propertyPath: m_LocalRotation.y
      value: -0
      objectReference: {fileID: 0}
    - target: {fileID: 4803813944277240, guid: bced6361b53076a45bc4ef2daf4eb1cb, type: 2}
      propertyPath: m_LocalRotation.z
      value: -0
      objectReference: {fileID: 0}
    - target: {fileID: 4803813944277240, guid: bced6361b53076a45bc4ef2daf4eb1cb, type: 2}
      propertyPath: m_LocalRotation.w
      value: 1
      objectReference: {fileID: 0}
    - target: {fileID: 4803813944277240, guid: bced6361b53076a45bc4ef2daf4eb1cb, type: 2}
      propertyPath: m_RootOrder
      value: 8
      objectReference: {fileID: 0}
    - target: {fileID: 1844118839443334, guid: bced6361b53076a45bc4ef2daf4eb1cb, type: 2}
      propertyPath: m_Name
      value: Cube (6)
      objectReference: {fileID: 0}
    - target: {fileID: 4803813944277240, guid: bced6361b53076a45bc4ef2daf4eb1cb, type: 2}
      propertyPath: m_LocalScale.z
      value: 8
      objectReference: {fileID: 0}
    - target: {fileID: 4803813944277240, guid: bced6361b53076a45bc4ef2daf4eb1cb, type: 2}
      propertyPath: m_LocalScale.x
      value: 10
      objectReference: {fileID: 0}
    m_RemovedComponents: []
  m_SourcePrefab: {fileID: 100100000, guid: bced6361b53076a45bc4ef2daf4eb1cb, type: 2}
  m_IsPrefabAsset: 0
--- !u!4 &1870774512 stripped
Transform:
  m_CorrespondingSourceObject: {fileID: 4803813944277240, guid: bced6361b53076a45bc4ef2daf4eb1cb,
    type: 2}
  m_PrefabInternal: {fileID: 1870774511}
--- !u!1001 &1947368920
Prefab:
  m_ObjectHideFlags: 0
  serializedVersion: 2
  m_Modification:
    m_TransformParent: {fileID: 0}
    m_Modifications:
    - target: {fileID: 4925088458354172, guid: e9b02ec1914356049a8ccfb6e5e3597f, type: 2}
      propertyPath: m_LocalPosition.x
      value: 0
      objectReference: {fileID: 0}
    - target: {fileID: 4925088458354172, guid: e9b02ec1914356049a8ccfb6e5e3597f, type: 2}
      propertyPath: m_LocalPosition.y
      value: 0
      objectReference: {fileID: 0}
    - target: {fileID: 4925088458354172, guid: e9b02ec1914356049a8ccfb6e5e3597f, type: 2}
      propertyPath: m_LocalPosition.z
      value: 0
      objectReference: {fileID: 0}
    - target: {fileID: 4925088458354172, guid: e9b02ec1914356049a8ccfb6e5e3597f, type: 2}
      propertyPath: m_LocalRotation.x
      value: 0
      objectReference: {fileID: 0}
    - target: {fileID: 4925088458354172, guid: e9b02ec1914356049a8ccfb6e5e3597f, type: 2}
      propertyPath: m_LocalRotation.y
      value: 0
      objectReference: {fileID: 0}
    - target: {fileID: 4925088458354172, guid: e9b02ec1914356049a8ccfb6e5e3597f, type: 2}
      propertyPath: m_LocalRotation.z
      value: 0
      objectReference: {fileID: 0}
    - target: {fileID: 4925088458354172, guid: e9b02ec1914356049a8ccfb6e5e3597f, type: 2}
      propertyPath: m_LocalRotation.w
      value: 1
      objectReference: {fileID: 0}
    - target: {fileID: 4925088458354172, guid: e9b02ec1914356049a8ccfb6e5e3597f, type: 2}
      propertyPath: m_RootOrder
      value: 7
      objectReference: {fileID: 0}
    m_RemovedComponents: []
  m_SourcePrefab: {fileID: 100100000, guid: e9b02ec1914356049a8ccfb6e5e3597f, type: 2}
  m_IsPrefabAsset: 0
--- !u!1001 &1966095678
Prefab:
  m_ObjectHideFlags: 0
  serializedVersion: 2
  m_Modification:
    m_TransformParent: {fileID: 1214576711}
    m_Modifications:
    - target: {fileID: 4803813944277240, guid: bced6361b53076a45bc4ef2daf4eb1cb, type: 2}
      propertyPath: m_LocalPosition.x
      value: 8
      objectReference: {fileID: 0}
    - target: {fileID: 4803813944277240, guid: bced6361b53076a45bc4ef2daf4eb1cb, type: 2}
      propertyPath: m_LocalPosition.y
      value: 0.5
      objectReference: {fileID: 0}
    - target: {fileID: 4803813944277240, guid: bced6361b53076a45bc4ef2daf4eb1cb, type: 2}
      propertyPath: m_LocalPosition.z
      value: -11.5
      objectReference: {fileID: 0}
    - target: {fileID: 4803813944277240, guid: bced6361b53076a45bc4ef2daf4eb1cb, type: 2}
      propertyPath: m_LocalRotation.x
      value: -0
      objectReference: {fileID: 0}
    - target: {fileID: 4803813944277240, guid: bced6361b53076a45bc4ef2daf4eb1cb, type: 2}
      propertyPath: m_LocalRotation.y
      value: -0
      objectReference: {fileID: 0}
    - target: {fileID: 4803813944277240, guid: bced6361b53076a45bc4ef2daf4eb1cb, type: 2}
      propertyPath: m_LocalRotation.z
      value: -0
      objectReference: {fileID: 0}
    - target: {fileID: 4803813944277240, guid: bced6361b53076a45bc4ef2daf4eb1cb, type: 2}
      propertyPath: m_LocalRotation.w
      value: 1
      objectReference: {fileID: 0}
    - target: {fileID: 4803813944277240, guid: bced6361b53076a45bc4ef2daf4eb1cb, type: 2}
      propertyPath: m_RootOrder
      value: 10
      objectReference: {fileID: 0}
    - target: {fileID: 1844118839443334, guid: bced6361b53076a45bc4ef2daf4eb1cb, type: 2}
      propertyPath: m_Name
      value: Cube (8)
      objectReference: {fileID: 0}
    - target: {fileID: 4803813944277240, guid: bced6361b53076a45bc4ef2daf4eb1cb, type: 2}
      propertyPath: m_LocalScale.z
      value: 10
      objectReference: {fileID: 0}
    - target: {fileID: 4803813944277240, guid: bced6361b53076a45bc4ef2daf4eb1cb, type: 2}
      propertyPath: m_LocalScale.x
      value: 14
      objectReference: {fileID: 0}
    m_RemovedComponents: []
  m_SourcePrefab: {fileID: 100100000, guid: bced6361b53076a45bc4ef2daf4eb1cb, type: 2}
  m_IsPrefabAsset: 0
--- !u!4 &1966095679 stripped
Transform:
  m_CorrespondingSourceObject: {fileID: 4803813944277240, guid: bced6361b53076a45bc4ef2daf4eb1cb,
    type: 2}
  m_PrefabInternal: {fileID: 1966095678}
--- !u!1 &2053768818
GameObject:
  m_ObjectHideFlags: 0
  m_CorrespondingSourceObject: {fileID: 0}
  m_PrefabInternal: {fileID: 0}
  serializedVersion: 6
  m_Component:
  - component: {fileID: 2053768819}
  m_Layer: 0
  m_Name: Mark2
  m_TagString: Untagged
  m_Icon: {fileID: 0}
  m_NavMeshLayer: 0
  m_StaticEditorFlags: 0
  m_IsActive: 1
--- !u!4 &2053768819
Transform:
  m_ObjectHideFlags: 0
  m_CorrespondingSourceObject: {fileID: 0}
  m_PrefabInternal: {fileID: 0}
  m_GameObject: {fileID: 2053768818}
  m_LocalRotation: {x: -0, y: -0, z: -0, w: 1}
  m_LocalPosition: {x: 13.5, y: 1, z: 7}
  m_LocalScale: {x: 1, y: 1, z: 1}
  m_Children: []
  m_Father: {fileID: 552937420}
  m_RootOrder: 1
  m_LocalEulerAnglesHint: {x: 0, y: 0, z: 0}
--- !u!1001 &2092018169
Prefab:
  m_ObjectHideFlags: 0
  serializedVersion: 2
  m_Modification:
    m_TransformParent: {fileID: 0}
    m_Modifications:
    - target: {fileID: 4203293908011316, guid: 4f8953d105f7f1841aed181f69c84f13, type: 2}
      propertyPath: m_LocalPosition.x
      value: -13.5
      objectReference: {fileID: 0}
    - target: {fileID: 4203293908011316, guid: 4f8953d105f7f1841aed181f69c84f13, type: 2}
      propertyPath: m_LocalPosition.y
      value: 0.1
      objectReference: {fileID: 0}
    - target: {fileID: 4203293908011316, guid: 4f8953d105f7f1841aed181f69c84f13, type: 2}
      propertyPath: m_LocalPosition.z
      value: 12
      objectReference: {fileID: 0}
    - target: {fileID: 4203293908011316, guid: 4f8953d105f7f1841aed181f69c84f13, type: 2}
      propertyPath: m_LocalRotation.x
      value: 0
      objectReference: {fileID: 0}
    - target: {fileID: 4203293908011316, guid: 4f8953d105f7f1841aed181f69c84f13, type: 2}
      propertyPath: m_LocalRotation.y
      value: 0
      objectReference: {fileID: 0}
    - target: {fileID: 4203293908011316, guid: 4f8953d105f7f1841aed181f69c84f13, type: 2}
      propertyPath: m_LocalRotation.z
      value: 0
      objectReference: {fileID: 0}
    - target: {fileID: 4203293908011316, guid: 4f8953d105f7f1841aed181f69c84f13, type: 2}
      propertyPath: m_LocalRotation.w
      value: 1
      objectReference: {fileID: 0}
    - target: {fileID: 4203293908011316, guid: 4f8953d105f7f1841aed181f69c84f13, type: 2}
      propertyPath: m_RootOrder
      value: 5
      objectReference: {fileID: 0}
    m_RemovedComponents: []
  m_SourcePrefab: {fileID: 100100000, guid: 4f8953d105f7f1841aed181f69c84f13, type: 2}
  m_IsPrefabAsset: 0
--- !u!4 &2092018170 stripped
Transform:
  m_CorrespondingSourceObject: {fileID: 4203293908011316, guid: 4f8953d105f7f1841aed181f69c84f13,
    type: 2}
  m_PrefabInternal: {fileID: 2092018169}
--- !u!1001 &2132541025
Prefab:
  m_ObjectHideFlags: 0
  serializedVersion: 2
  m_Modification:
    m_TransformParent: {fileID: 0}
    m_Modifications:
    - target: {fileID: 4368440484297890, guid: eabce4b4700ba1e4580b6bd2dd31ab36, type: 2}
      propertyPath: m_LocalPosition.x
      value: -26.5
      objectReference: {fileID: 0}
    - target: {fileID: 4368440484297890, guid: eabce4b4700ba1e4580b6bd2dd31ab36, type: 2}
      propertyPath: m_LocalPosition.y
      value: 20
      objectReference: {fileID: 0}
    - target: {fileID: 4368440484297890, guid: eabce4b4700ba1e4580b6bd2dd31ab36, type: 2}
      propertyPath: m_LocalPosition.z
      value: -25
      objectReference: {fileID: 0}
    - target: {fileID: 4368440484297890, guid: eabce4b4700ba1e4580b6bd2dd31ab36, type: 2}
      propertyPath: m_LocalRotation.x
      value: 0.35355338
      objectReference: {fileID: 0}
    - target: {fileID: 4368440484297890, guid: eabce4b4700ba1e4580b6bd2dd31ab36, type: 2}
      propertyPath: m_LocalRotation.y
      value: 0.35355338
      objectReference: {fileID: 0}
    - target: {fileID: 4368440484297890, guid: eabce4b4700ba1e4580b6bd2dd31ab36, type: 2}
      propertyPath: m_LocalRotation.z
      value: -0.1464466
      objectReference: {fileID: 0}
    - target: {fileID: 4368440484297890, guid: eabce4b4700ba1e4580b6bd2dd31ab36, type: 2}
      propertyPath: m_LocalRotation.w
      value: 0.8535535
      objectReference: {fileID: 0}
    - target: {fileID: 4368440484297890, guid: eabce4b4700ba1e4580b6bd2dd31ab36, type: 2}
      propertyPath: m_RootOrder
      value: 0
      objectReference: {fileID: 0}
    - target: {fileID: 114418416624332372, guid: eabce4b4700ba1e4580b6bd2dd31ab36,
        type: 2}
      propertyPath: player
      value: 
      objectReference: {fileID: 1409659535}
    m_RemovedComponents: []
  m_SourcePrefab: {fileID: 100100000, guid: eabce4b4700ba1e4580b6bd2dd31ab36, type: 2}
  m_IsPrefabAsset: 0
